@misc{wiki-Madelbrot_set,
  author = "{Wikipedia contributors}",
  title = "Mandelbrot set --- {Wikipedia}{,} The Free Encyclopedia",
  year = "2022",
  howpublished = "\url{https://en.wikipedia.org/wiki/Mandelbrot_set}",
  note = "[Online; accessed 30-June-2022]"
}
@misc{Arnaud_Cheritat-wiki-Madelbrot_set,
  author = "{Arnaud Cheritat}",
  title = "Mandelbrot set - Techniques for computer generated pictures in complex dynamics",
  year = "2016",
  howpublished = "\url{http://www.math.univ-toulouse.fr/~cheritat/wiki-draw/index.php/Mandelbrot_set}",
  note = "[Online; accessed 30-June-2022]"
}
@misc{tbob-Mandelbrot,
  author = "3Blue1Brown",
  title = "Beyond the Mandelbrot set, an intro to holomorphic dynamics - YouTube",
  year = "2021",
  howpublished = "\url{https://youtu.be/LqbZpur38nw}"
}
@article{FatouSurL,
  title={Sur les {\'e}quations fonctionnelles},
  author={Pierre Fatou},
  journal={Bulletin de la Soci{\'e}t{\'e} Math{\'e}matique de France},
  year = "1919",
  volume={48},
  pages={161-271}
}
@article{CJGLSD-IterRational,
author = {Curry, James and Garnett, Lucy and Sullivan, Dennis},
year = {1983},
month = {06},
pages = {},
title = {On the Iteration of a Rational Function: Computer Experiments with Newton's Method},
volume = {91},
journal = {Communications in Mathematical Physics},
doi = {10.1007/BF01211162}
}